%YAML 1.1
%TAG !u! tag:unity3d.com,2011:
--- !u!1 &547882046339004150
GameObject:
  m_ObjectHideFlags: 0
  m_CorrespondingSourceObject: {fileID: 0}
  m_PrefabInstance: {fileID: 0}
  m_PrefabAsset: {fileID: 0}
  serializedVersion: 6
  m_Component:
  - component: {fileID: 567686000322365210}
  - component: {fileID: 1894094605185204319}
  - component: {fileID: 8464087288526988435}
  m_Layer: 0
  m_Name: Manette_Joystick_Manette_Joystick
  m_TagString: Untagged
  m_Icon: {fileID: 0}
  m_NavMeshLayer: 0
  m_StaticEditorFlags: 0
  m_IsActive: 1
--- !u!4 &567686000322365210
Transform:
  m_ObjectHideFlags: 0
  m_CorrespondingSourceObject: {fileID: 0}
  m_PrefabInstance: {fileID: 0}
  m_PrefabAsset: {fileID: 0}
  m_GameObject: {fileID: 547882046339004150}
  m_LocalRotation: {x: -0.500186, y: -0.49981394, z: -0.49981394, w: 0.500186}
  m_LocalPosition: {x: 0, y: 0, z: 0}
  m_LocalScale: {x: 10, y: 10, z: 10}
  m_Children: []
  m_Father: {fileID: 1252638103343481163}
  m_RootOrder: 1
  m_LocalEulerAnglesHint: {x: -90.00001, y: 0, z: -89.957}
--- !u!33 &1894094605185204319
MeshFilter:
  m_ObjectHideFlags: 0
  m_CorrespondingSourceObject: {fileID: 0}
  m_PrefabInstance: {fileID: 0}
  m_PrefabAsset: {fileID: 0}
  m_GameObject: {fileID: 547882046339004150}
  m_Mesh: {fileID: -2534539380115148611, guid: 2526f6d5a7259d0418ae4d7dd51b7de8, type: 3}
--- !u!23 &8464087288526988435
MeshRenderer:
  m_ObjectHideFlags: 0
  m_CorrespondingSourceObject: {fileID: 0}
  m_PrefabInstance: {fileID: 0}
  m_PrefabAsset: {fileID: 0}
  m_GameObject: {fileID: 547882046339004150}
  m_Enabled: 1
  m_CastShadows: 1
  m_ReceiveShadows: 1
  m_DynamicOccludee: 1
  m_MotionVectors: 1
  m_LightProbeUsage: 1
  m_ReflectionProbeUsage: 1
  m_RenderingLayerMask: 1
  m_RendererPriority: 0
  m_Materials:
  - {fileID: 2100000, guid: 44f87b08f8bcbe04cb4385215525dcc9, type: 2}
  m_StaticBatchInfo:
    firstSubMesh: 0
    subMeshCount: 0
  m_StaticBatchRoot: {fileID: 0}
  m_ProbeAnchor: {fileID: 0}
  m_LightProbeVolumeOverride: {fileID: 0}
  m_ScaleInLightmap: 1
  m_ReceiveGI: 1
  m_PreserveUVs: 0
  m_IgnoreNormalsForChartDetection: 0
  m_ImportantGI: 0
  m_StitchLightmapSeams: 1
  m_SelectedEditorRenderState: 3
  m_MinimumChartSize: 4
  m_AutoUVMaxDistance: 0.5
  m_AutoUVMaxAngle: 89
  m_LightmapParameters: {fileID: 0}
  m_SortingLayerID: 0
  m_SortingLayer: 0
  m_SortingOrder: 0
--- !u!1 &5786452068402229078
GameObject:
  m_ObjectHideFlags: 0
  m_CorrespondingSourceObject: {fileID: 0}
  m_PrefabInstance: {fileID: 0}
  m_PrefabAsset: {fileID: 0}
  serializedVersion: 6
  m_Component:
  - component: {fileID: 8570748827800933886}
  - component: {fileID: 6958851106505417379}
  - component: {fileID: 6283582224946824662}
  m_Layer: 0
  m_Name: Joystick_1_Joystick_1
  m_TagString: Untagged
  m_Icon: {fileID: 0}
  m_NavMeshLayer: 0
  m_StaticEditorFlags: 0
  m_IsActive: 1
--- !u!4 &8570748827800933886
Transform:
  m_ObjectHideFlags: 0
  m_CorrespondingSourceObject: {fileID: 0}
  m_PrefabInstance: {fileID: 0}
  m_PrefabAsset: {fileID: 0}
  m_GameObject: {fileID: 5786452068402229078}
  m_LocalRotation: {x: -0.500186, y: -0.49981394, z: -0.49981394, w: 0.500186}
  m_LocalPosition: {x: -0.001801252, y: 0.2680003, z: 0.26800093}
  m_LocalScale: {x: 10, y: 10, z: 10}
  m_Children: []
  m_Father: {fileID: 1252638103343481163}
  m_RootOrder: 0
  m_LocalEulerAnglesHint: {x: -90.00001, y: 0, z: -89.957}
--- !u!33 &6958851106505417379
MeshFilter:
  m_ObjectHideFlags: 0
  m_CorrespondingSourceObject: {fileID: 0}
  m_PrefabInstance: {fileID: 0}
  m_PrefabAsset: {fileID: 0}
  m_GameObject: {fileID: 5786452068402229078}
  m_Mesh: {fileID: -1976599564586137058, guid: 2526f6d5a7259d0418ae4d7dd51b7de8, type: 3}
--- !u!23 &6283582224946824662
MeshRenderer:
  m_ObjectHideFlags: 0
  m_CorrespondingSourceObject: {fileID: 0}
  m_PrefabInstance: {fileID: 0}
  m_PrefabAsset: {fileID: 0}
  m_GameObject: {fileID: 5786452068402229078}
  m_Enabled: 1
  m_CastShadows: 1
  m_ReceiveShadows: 1
  m_DynamicOccludee: 1
  m_MotionVectors: 1
  m_LightProbeUsage: 1
  m_ReflectionProbeUsage: 1
  m_RenderingLayerMask: 1
  m_RendererPriority: 0
  m_Materials:
  - {fileID: 2100000, guid: 24b39e387adf4a04ebaa554752085079, type: 2}
  m_StaticBatchInfo:
    firstSubMesh: 0
    subMeshCount: 0
  m_StaticBatchRoot: {fileID: 0}
  m_ProbeAnchor: {fileID: 0}
  m_LightProbeVolumeOverride: {fileID: 0}
  m_ScaleInLightmap: 1
  m_ReceiveGI: 1
  m_PreserveUVs: 0
  m_IgnoreNormalsForChartDetection: 0
  m_ImportantGI: 0
  m_StitchLightmapSeams: 1
  m_SelectedEditorRenderState: 3
  m_MinimumChartSize: 4
  m_AutoUVMaxDistance: 0.5
  m_AutoUVMaxAngle: 89
  m_LightmapParameters: {fileID: 0}
  m_SortingLayerID: 0
  m_SortingLayer: 0
  m_SortingOrder: 0
--- !u!1001 &2423837108990641135
PrefabInstance:
  m_ObjectHideFlags: 0
  serializedVersion: 2
  m_Modification:
    m_TransformParent: {fileID: 0}
    m_Modifications:
    - target: {fileID: 3513213111029220014, guid: 80c346fb3f2a77a49adc723dfee72a71,
        type: 3}
      propertyPath: m_Name
      value: PinceControllerDeplacement
      objectReference: {fileID: 0}
    - target: {fileID: 3513213111029220004, guid: 80c346fb3f2a77a49adc723dfee72a71,
        type: 3}
      propertyPath: m_LocalPosition.x
      value: 0.353
      objectReference: {fileID: 0}
    - target: {fileID: 3513213111029220004, guid: 80c346fb3f2a77a49adc723dfee72a71,
        type: 3}
      propertyPath: m_LocalPosition.y
      value: 1.312
      objectReference: {fileID: 0}
    - target: {fileID: 3513213111029220004, guid: 80c346fb3f2a77a49adc723dfee72a71,
        type: 3}
      propertyPath: m_LocalPosition.z
      value: 0.591
      objectReference: {fileID: 0}
    - target: {fileID: 3513213111029220004, guid: 80c346fb3f2a77a49adc723dfee72a71,
        type: 3}
      propertyPath: m_LocalRotation.x
      value: 0
      objectReference: {fileID: 0}
    - target: {fileID: 3513213111029220004, guid: 80c346fb3f2a77a49adc723dfee72a71,
        type: 3}
      propertyPath: m_LocalRotation.y
      value: 0
      objectReference: {fileID: 0}
    - target: {fileID: 3513213111029220004, guid: 80c346fb3f2a77a49adc723dfee72a71,
        type: 3}
      propertyPath: m_LocalRotation.z
      value: 0
      objectReference: {fileID: 0}
    - target: {fileID: 3513213111029220004, guid: 80c346fb3f2a77a49adc723dfee72a71,
        type: 3}
      propertyPath: m_LocalRotation.w
      value: 1
      objectReference: {fileID: 0}
    - target: {fileID: 3513213111029220004, guid: 80c346fb3f2a77a49adc723dfee72a71,
        type: 3}
      propertyPath: m_RootOrder
      value: 0
      objectReference: {fileID: 0}
    - target: {fileID: 3513213111029220004, guid: 80c346fb3f2a77a49adc723dfee72a71,
        type: 3}
      propertyPath: m_LocalEulerAnglesHint.x
      value: 0
      objectReference: {fileID: 0}
    - target: {fileID: 3513213111029220004, guid: 80c346fb3f2a77a49adc723dfee72a71,
        type: 3}
      propertyPath: m_LocalEulerAnglesHint.y
      value: 0
      objectReference: {fileID: 0}
    - target: {fileID: 3513213111029220004, guid: 80c346fb3f2a77a49adc723dfee72a71,
        type: 3}
      propertyPath: m_LocalEulerAnglesHint.z
      value: 0
      objectReference: {fileID: 0}
    - target: {fileID: 3513213111029220006, guid: 80c346fb3f2a77a49adc723dfee72a71,
        type: 3}
      propertyPath: m_Enabled
      value: 0
      objectReference: {fileID: 0}
    - target: {fileID: 3513213111029220006, guid: 80c346fb3f2a77a49adc723dfee72a71,
        type: 3}
      propertyPath: m_Materials.Array.data[0]
      value: 
      objectReference: {fileID: 2100000, guid: 0ae132d3c08907a4d931b3ed4debc646, type: 2}
    - target: {fileID: 3513213111029220008, guid: 80c346fb3f2a77a49adc723dfee72a71,
        type: 3}
      propertyPath: mode
      value: 1
      objectReference: {fileID: 0}
    - target: {fileID: 3984764910678408498, guid: 80c346fb3f2a77a49adc723dfee72a71,
        type: 3}
      propertyPath: m_IsActive
      value: 0
      objectReference: {fileID: 0}
    - target: {fileID: 2333853531995891294, guid: 80c346fb3f2a77a49adc723dfee72a71,
        type: 3}
      propertyPath: m_RootOrder
      value: 2
      objectReference: {fileID: 0}
    - target: {fileID: 5646089400646535034, guid: 80c346fb3f2a77a49adc723dfee72a71,
        type: 3}
      propertyPath: m_IsActive
      value: 0
      objectReference: {fileID: 0}
    - target: {fileID: 5032178533710596338, guid: 80c346fb3f2a77a49adc723dfee72a71,
        type: 3}
      propertyPath: m_RootOrder
      value: 3
      objectReference: {fileID: 0}
    m_RemovedComponents: []
  m_SourcePrefab: {fileID: 100100000, guid: 80c346fb3f2a77a49adc723dfee72a71, type: 3}
--- !u!4 &1252638103343481163 stripped
Transform:
  m_CorrespondingSourceObject: {fileID: 3513213111029220004, guid: 80c346fb3f2a77a49adc723dfee72a71,
    type: 3}
  m_PrefabInstance: {fileID: 2423837108990641135}
  m_PrefabAsset: {fileID: 0}
